/Users/mjswat/Projects/ddmore_usecases/specFolder/pharmml-specification.bib